
@phdthesis{gualtieri2004,
    author = {Marco Gualtieri},
    title = {Generalized Complex Geometry},
    publisher = {Oxford University},
    address = {},
    year = {2004}
}

@article{kahler1932,
    author={Erich Kähler},
    title={Über eine bemerkenswerte Hermitesche Metrik},
    journaltitle={Abhandlungen aus dem Mathematischen Seminar der Universität Hamburg},
    volume={9},
    number={NN},
    year={1933},
    pages={NN--NN}
}




@book{huybrechts2005,
    author={Daniel Huybrechts},
    title={Complex Geometry},
    subtitle={An Introduction},
    year={2005},
    location={somewhere},
    publisher={Springer},
    pages={NN--NN}
}







@article{koszul1985,
    author={Jean-Luis Koszul},
    title={Crochet de Schouten-Nijenhuis et cohomologie},
    journaltitle={Astérisque},
    volume={S131},
    number={},
    year={1985},
    pages={257--271}
}




@book{griffithsHarris1994,
    author={Phillip Griffiths and Joseph Harris},
    title={Principles of Algebraic Geometry},
    subtitle={subtitle},
    year={1994},
    location={Havard University},
    publisher={John Wiley \& Sons, Inc.},
    pages={NN--NN}
}


@book{mackenzie2005,
    author={Kirill C. H. Mackenzie},
    title={General Theory of Lie Groupoids and Lie algebroids},
    subtitle={subtitle},
    year={2005},
    location={University of Sheffield},
    publisher={Cambridge University Press},
}




@article{bursztynCavalcantiGualtieri2006,
    author={title},
    title={Reduction of Courant algebroids and generalized complex structures},
    journaltitle={journal},
    volume={NN},
    number={NN},
    year={YYYY},
    pages={NN--NN}
}






@article{xu1991,
    author={Ping Xu},
    title={Morita equivalence of Poisson manifolds,},
    journaltitle={Communications in mathematical physics},
    volume={142},
    number={3},
    year={1991},
    pages={493-–509}
}


@article{gualtieri2010,
    author={Marco Gualtieri},
    title={Branes on Poisson Varieties},
    journaltitle={The Many Facets of Geometry: A Tribute to Nigel Hitchin},
    volume={NN},
    number={NN},
    year={2010},
    pages={NN--NN}
}



@article{gualtieri2018,
    author={Marco Gualtieri},
    title={Generalized Kähler metrics from Hamiltonian deformations},
    journaltitle={Proceedings of Hitchin 70},
    volume={NN},
    number={NN},
    year={YYYY},
    pages={NN--NN}
}









@article{gualtieri2014,
    author={Marco Gualtieri},
    title={Generalized Kähler geometry},
    journaltitle={Comm. Math. Phys.},
    volume={331},
    number={1},
    year={2014},
    pages={297--331}
}





@article{donaldson2002,
    author={Simon Donaldson},
    title={Holomorphic discs and the complex Monge-Ampere equation},
    journaltitle={Journal of Differential Geometry},
    volume={3},
    number={58},
    year={2002},
    pages={171--196}
}



@article{hitchin2006,
    author={Nigel Hitchin},
    title={Instantons, Poisson Structures and Generalized Kähler Geometry},
    journaltitle={Commun. Math. Phys.},
    volume={},
    number={265},
    year={2006},
    pages={131--164}
}

@book{greubHalperinVanstone1972,
    author={Werner Greub, Stephen Halperin and Ray Vanstone},
    title={Connections, Curvature, and Cohomology},
    subtitle={Volume I, De Rham Cohomology of manifolds and Vector Bundles},
    year={1972},
    location={Toronto},
    publisher={Academic Press},
    pages={NN--NN}
}




@article{woodward2011,
    author={Chris Woodward},
    title={Momemt maps and geometric invariant theory},
    journal={arxiv},
    volume={},
    number={},
    year={2011},
    pages={}
}


@book{gauss,
    Author = {Carl Friedrich Gau\ss},
    Title = {General Investigations of Curved Surfaces},
    Year = {1827}}



@article{roytenberg1999,
    author={Dimitry Roytenberg},
    title={Courant algebroids, derived brackets and even symplectic supermanifolds},
    journal={arxiv},
    volume={NN},
    number={NN},
    year={YYYY},
    pages={NN--NN}
}

@article{gualtieri2011,
    author={Marco Gualtieri},
    title={Generalized complex geometry},
    journal={Annals of Mathematics},
    volume={174},
    number={},
    year={2011},
    pages={75--123}
}


@article{meinrenken2017,
    author={Eckhard Meinrenken},
    title={Poisson Geometry from a dirac perspective},
    journal={arxiv},
    volume={NN},
    number={NN},
    year={YYYY},
    pages={NN--NN}
}



@article{angellaTomassini2010,
    author={Daniele Angella and Adriano Tomassini},
    title={On the $\dl \dlb$-lemma and Bott-Chern cohomology},
    journal={notes},
    volume={NN},
    number={NN},
    year={YYYY},
    pages={NN--NN}
}


@article{bursztynCavalcantiGualtieri2013,
    author={Henrique Bursztyn and Gil R. Cavalcanti and Marco Gualtieri},
    title={Generalized Kähler geometry of instanton moduli spaces},
    journal={arxiv},
    volume={},
    number={},
    year={2013},
    pages={}
}




@article{bursztynFernandes2016,
    author={Henrique Bursztyn and Rui Loja Fernandes},
    title={Picard groups of poisson manifolds},
    journal={arXiv},
    volume={NN},
    number={NN},
    year={2016},
    pages={NN--NN}
}





@article{caseiroFernandes0000,
    author={Raquel Caseiro and Rui Loja Fernandes},
    title={The modular class of a poisson map},
    journal={arXiv},
    volume={},
    number={},
    year={2000},
    pages={}
}


@article{stienonXu2006,
    author={Mathieu Stiénon and Ping Xu},
    title={Poisson Quasi-Nijenhuis Manifolds},
    journal={arxiv},
    volume={NN},
    number={NN},
    year={YYYY},
    pages={NN--NN}
}

@article{xu1996,
    author={Ping Xu},
    title={Flux homomorphism on symplectic groupoids},
    journal={arxiv},
    volume={NN},
    number={NN},
    year={YYYY},
    pages={NN--NN}
}




@article{donaldson1999,
    author={S. K. Donaldson},
    title={Symmetric Spaces, Kähler Geometry and Hamiltonian Dynamics},
    journal={Mer. Math. Soc. Transl.},
    volume={2},
    number={196},
    year={1999},
    pages={13--33}
}




@inproceedings{c57,
    author={E. Calabi},
    title={On Kähler manifolds with vanishing canonical class},
    booktitle={Algebraic geometry and topology. A symposium in honor of S. Lefschetz},
    year={1957},
    pages={78--89},
    publisher={Princeton University Press}
}




@phdthesis{b19,
  author= {F. Bischoff},
  title        = {Morita Equivalence and Generalized Kähler geometry},
  school       = {University of Toronto (Canada)},
  year         = {2019},
  address      = {ProQuest LLC},
  month        = {},
  note         = {ISBN: 978-1392-42836-8}
}




@article{y78,
    author={S. T. Yau},
    title={On the Ricci curvature of a compact Kähler manifold and the complex Monge-Ampère equation. I.},
    journal={Comm. Pure Appl. Math.},
    volume={31},
    number={3},
    year={1978},
    pages={339--411}
}

@article{s21,
    author={J. Streets},
    title={RICCI-YANG-MILLS FLOW ON SURFACES AND PLURICLOSED FLOW ON ELLIPTIC FIBRATIONS},
    journal={arXiv},
    volume={math.DG},
    number={2102.09538v1},
    year={2021},
    pages={}
}



@article{acl20,
    author={V. Apostolov and D. M. J. Calderbank and E. Legendre},
    title={Weighted K-stability of polarized varieties and extremality of Sasaki manifolds},
    journal={arXiv},
    volume={math.DG},
    number={2012.08628v1},
    year={2020},
    pages={}
}




@article{gs20,
    author={M Gibson and J. Streets},
    title={Deformation classes in generalized Kähler geometry},
    journal={Complex Manifolds},
    volume={7},
    number={1},
    year={2020},
    pages={241--256}
}




@article{g20,
    author={R. Goto},
    title={Scalar curature as moment map in generalized Kähler geometry},
    journal={J. Symplectic Geom.},
    volume={18},
    number={1},
    year={2020},
    pages={147--190}
}




@misc{jgp1,
    author={L. Döppenschmitt},
    title={The moduli space of generalized Kähler metrics},
    howpublished={Junior Global Poisson Online Conference},
    year={2020},
    month={September},
    note={https://youtu.be/UtXtl0zTcuc?t=2028}
}


@article{cds14,
    author={X. Chen and S. Donaldson and S. Sun},
    title={Kähler-Einstein metrics and stability},
    journal={Int. Math. Res. Not. IMRN},
    volume={},
    number={8},
    year={2014},
    pages={2119--2125}
}




@article{cds15a,
    author={X. Chen and S. Donaldson and S. Sun},
    title={Kähler-Einstein metrics on Fano manifolds. I: Approximation of metrics with cone singularities},
    journal={J. Amer. Math. Soc.},
    volume={28},
    number={1},
    year={2015},
    pages={183--197}
}



@article{cds15b,
    author={X. Chen and S. Donaldson and S. Sun},
    title={Kähler-Einstein metrics on Fano manifolds. II: Limits with cone angles less than 2π},
    journal={J. Amer. Math. Soc.},
    volume={28},
    number={1},
    year={2015},
    pages={199--234}
}


@article{cds15c,
    author={X. Chen and S. Donaldson and S. Sun},
    title={Kähler-EInstein metrics on Fano manifolds. III: Limits as cone angle approaches 2π and completion of the main proof},
    journal={J. Amer. Math. Soc.},
    volume={28},
    number={1},
    year={2015},
    pages={235--278}
}




@article{fine2011,
    author={Joel Fine},
    title={The Hamiltonian geometry of the space of unitary
           connections with symplectic curvature},
    journal={Journal of Symplectic Geometry},
    volume={12},
    number={1},
    year={2014},
    pages={105--123}
}

@article{l19,
    author={Joshua Lackman},
    title={Cohomology of Lie Groupoid Modules and the Generalized von
           Est Map},
    journal={arXiv},
    volume={math.DG},
    number={1909},
    year={2019},
    pages={}
}

@article{r11,
    author={E. Riehl},
    title={A leisurely introduction to simplicial sets},
    journal={},
    volume={},
    number={},
    year={2011},
    pages={}
}

@article{x17,
    author={P. Xu},
    title={Differentiable Stacks, Gerbes, and Twisted K-Theory},
    journal={},
    volume={},
    number={},
    year={2017},
    pages={}
}

@article{s09,
    author={F. Schaffhauser},
    title={Differential Geometry of Holomorphic Vector Bundles on a
           Curve},
    journal={Villa de Leyva Summer School on Geometric and
                  Topological Methods for Quantum Field Theory},
    volume={},
    number={},
    year={2009},
    pages={}
}



@article{g03,
    author={E. Goulbault},
    title={Some geometric perspectives in concurrency theory},
    journal={Homology, Homotopy and Applications},
    volume={5},
    number={2},
    year={2003},
    pages={95--136}
}

@book{h04,
    author={D. Huybrechts},
    title={Complex Geometry},
    subtitle={An Introduction},
    year={2004},
    location={Paris},
    publisher={Springer},
    pages={}
}

@article{g00,
    author={E. Getzler},
    title={A Darboux theorem for Hamiltonian operators in the
           formal calculus of variations},
    journal={arXiv},
    volume={},
    number={},
    year={2000},
    pages={}
}

@article{m00,
    author={E. Meinrenken},
    title={Symplectic Geometry},
    journal={},
    volume={},
    number={},
    year={2000},
    pages={}
}




@book{n18,
    author={W. K. Nicholson},
    title={Linear Algebra with Applications},
    subtitle={subtitle},
    year={2018},
    location={University of Calgary},
    publisher={Lyryx},
    pages={NN--NN}
}

@article{f01,
    author={B. Fantechi},
    title={Stacks for Everybody},
    journal={},
    volume={},
    number={},
    year={2001},
    pages={}
}




@book{dl11,
    author={D. B. Damiano, J, B, Little},
    title={A Course in Linear Algebra},
    subtitle={subtitle},
    year={2011},
    location={Mineola, New York},
    publisher={Dover Publications, Inc.},
    pages={NN--NN}
}

@article{fr11,
    author={G. Friedmann},
    title={An elementary illustrated introduction to simplicial sets
},
    journal={Texas Christian University},
    volume={NN},
    number={NN},
    year={2011},
    pages={NN--NN}
}



@book{a06,
    author={S. Awodey},
    title={Category Theory},
    subtitle={subtitle},
    year={2006},
    location={Oxford},
    publisher={Clarendon Press},
    pages={NN--NN}
}



@article{cf00,
    author={A. S. Cattaneo, G. Felder},
    title={Poisson sigma models and symplectic groupoids},
    journal={arXiv},
    volume={NN},
    number={NN},
    year={YYYY},
    pages={NN--NN}
}


@article{d00,
    author={S. K. Donaldson},
    title={Moment maps and diffeomorphisms},
    journal={Surveys in Differential Geometry},
    volume={VII},
    number={},
    year={2000},
    pages={107--127}
}



@article{bischoffGualtieriZabzine2018,
    author={F. Bischoff and M. Gualtieri and M. Zabzine},
    title={Morita equivalence and the generalized K\"ahler potential},
    journal={arXiv},
    volume={},
    number={},
    year={2018},
    pages={}
}


@article{z79,
    author={B. Zumino},
    title={Supersymmetry and Kähler manifolds},
    journal={Physics Letters},
    volume={87B},
    number={3},
    year={1979},
    pages={203--206}
}

@article{w18,
    author={Brian R. Williams},
    title={Renormalization for holomorphic field theories},
    journal={arXiv},
    volume={NN},
    number={NN},
    year={2018},
    pages={1--1}
}


@article{gg14,
    author={Owen Gwilliam, Ryan Grady},
    title={One-dimensional Chern-Simons theory and $\hat A$ genus},
    journal={Algebr. Geom. Topol.},
    volume={14},
    number={4},
    year={2014},
    pages={2299--2377}
}


@article{PymSaf16,
    author={B. Pym, P. Safronov},
    title={Shifted symplectic Lie algebroids},
    journal={arXiv},
    volume={1},
    number={1},
    year={2016},
}

@article{weinsteiin1983,
    author={Alan Weinstein},
    title={The Local Structure of Poisson Manifolds},
    journaltitle={J. Differential Geometry},
    volume={18},
    number={NN},
    year={1983},
    pages={523--557}
}


@article{weinstein1987,
    author={A. Weinstein},
    title={SYMPLECTIC GROUPOIDS AND POISSON MANIFOLDS},
    journal={Bulletin of the American Mathematical Society},
    volume={16},
    number={1},
    year={1987},
    pages={101--104}
}



@article{mar08,
    author={Charles-Michael-Marle},
    title={Calculus on Lie algebroids, Lie groupoids and Poisson manifolds},
    journal={arXiv},
    year={2008},
}



@article{Mein03,
    author={E. Meinrenken},
    title={Group actions on manifolds},
    journal={journal},
    volume={NN},
    number={NN},
    year={YYYY},
    pages={NN--NN}
}






@misc{ Bat98,
        author = "V. V. Batyrev",
        title = "Birational Calabi-Yau $n$-folds have equal Betti numbers",
        year = "1998"}


@book{Har77,
    author={R. Hartshorne},
    title={Algebraic Geometry},
    subtitle={subtitle},
    year={1977},
    location={somewhere},
    publisher={Springer-Verlag},
    pages={NN--NN}
}


@book{Deb01,
    author={O. Debarre},
    title={Higher-Dimensional Algebraic Geom},
    subtitle={subtitle},
    year={2001},
    location={somewhere},
    publisher={Springer Verlag},
    pages={28--29}
}

@book{Com18,
    author={J. Commelin},
    title={Birational Calabi-Yau varieties have the same Betti numbers},
    subtitle={subtitle},
    year={2018},
    location={somewhere},
    publisher={},
    pages={NN--NN}
}


@book{Mag16,
    author={P. Magni},
    title={$p$-adic Integration and Birational Calabi-Yau Varieties},
    subtitle={Bachelorarbeit Mathematik},
    year={2016},
    location={Friedrich-Wilhelms-Universit\"at Bonn},
    publisher={},
    pages={NN--NN}
}

@book{Wei82,
    author={A. Weil},
    title={Adeles and algebraic groups},
    subtitle={},
    year={1982},
    location={Boston},
    publisher={},
    pages={NN--NN}
}

@book{Del74,
    author={P. Deligne},
    title={La conjecture de Weil},
    subtitle={},
    year={1974},
    location={},
    publisher={},
    pages={NN--NN}
}

@book{Tet03,
    author={I. Tetsushi},
    title={Birational smooth minimal models have equal Hodge numbers in all dimensions},
    subtitle={},
    year={2003},
    location={Toronto},
    publisher={},
    pages={NN--NN}
}

